@report{3gpp.22.101,
  author      = {3GPP},
  title       = {{Service aspects; Service principles}},
  type        = {TS},
  institution = {{3rd Generation Partnership Project (3GPP)}},
  number      = {{22.101}},
  days        = 24,
  month       = sep.,
  year        = 2008,
  url         = {http://www.3gpp.org/ftp/Specs/html-info/22101.htm}
}

@misc{google.maps.url,
  author       = {Google},
  howpublished = {"\url{https://developers.google.com/maps/documentation/javascript}"},
  title        = {Maps JavaScript API},
  year         = {2025}
}

@misc{sveltekit.routing.url,
  author       = {SvelteKit Routing},
  howpublished = {"\url{https://svelte.dev/docs/kit/routing}"},
  title        = {SvelteKit - Core concepts, Routing},
  year         = {2025}
}

@misc{chartJs.github.url,
  author       = {Chart.js},
  howpublished = {"\url{https://github.com/chartjs/Chart.js}"},
  title        = {Chart.js},
  year         = {2025}
}

@misc{mapbox.docs.url,
  author       = {Mapbox},
  howpublished = {"\url{https://docs.mapbox.com/mapbox-gl-js/example/mapbox-gl-draw/}"},
  title        = {Draw a polygon and calculate its area},
  year         = {2025}
}

@misc{persisted-store.joshnuss.url,
  author       = {joshnuss},
  howpublished = {"\url{https://github.com/joshnuss/svelte-persisted-store}"},
  title        = {svelte-persisted-store},
  year         = {2024}
}